% This file was created with Citavi 5.6.0.2

@misc{Bleckwedel.Mathe2,
 author = "Axel Bleckwedel",
 year = "Sommersemester 2017, Wolfenb{\"u}ttel, Ostfalia, Hochschule f{\"u}r angewandte Wissenschaften, Fakult{\"a}t Elektrotechnik",
 title = "{Vorlesung Analysis und Statistik: Mitschrift von Nico Herkner}"
}


@book{Dobrinski.2006,
 author = "Paul Dobrinski and Gunter Krakau and Anselm Vogel",
 year = "2006",
 title = "{Physik f{\"u}r Ingenieure}",
 address = "Wiesbaden",
 publisher = "{B. G. Teubner Verlag / GWV Fachverlage GmbH Wiesbaden}"
}


@book{Dorn.2008,
 author = "Friedrich Dorn and Franz Bader",
 year = "2008",
 title = "{Physik - Gymnasium Sek II}",
 address = "Hannover",
 publisher = "Schroedel"
}


@book{Harriehausen.2013,
 author = "Thomas Harriehausen and Dieter Schwarzenau",
 abstract = "=",
 year = "2013",
 title = "{Moeller Grundlagen der Elektrotechnik: Mit 202 Beispielen}",
 address = "Wiesbaden",
 publisher = "{Springer Vieweg}",
 series = "{Lehrbuch}"
}


@book{Kuchling.2011,
 author = "Horst Kuchling",
 year = "2011",
 title = "{Taschenbuch der Physik: Mit Tabellen}",
 address = "M{\"u}nchen",
 publisher = "{Fachbuchverl. Leipzig im Carl Hanser Verl.}"
}


@book{Lindner.2006,
 author = "Helmut Lindner and Wolfgang Siebke",
 year = "2006",
 title = "{Physik f{\"u}r Ingenieure: Mit Tabellen und Beispielen}",
 address = "M{\"u}nchen",
 publisher = "{Fachbuchverl. Leipzig im Carl-Hanser-Verl.}"
}


@book{Turtur.2007,
 author = "Claus Wilhelm  Turtur",
 abstract = "Mechanik - W{\"a}rmelehre - Optik - Schwingungen und Wellen - Atome, Molek{\"u}le, Kerne - Festk{\"o}rper",
 year = "2007",
 title = "{Pr{\"u}fungstrainer Physik: Klausur-und {\"U}bungsaufgaben mit vollst{\"a}ndigen Musterl{\"o}sungen}",
 address = "Wiesbaden",
 publisher = "{B.G. Teubner Verlag / GWV Fachverlage GmbH Wiesbaden}"
}


@misc{Turtur.Sommersemester2017,
 author = "Claus Wilhelm  Turtur",
 year = "Sommersemester 2017, Wolfenb{\"u}ttel, Ostfalia, Hochschule f{\"u}r angewandte Wissenschaften, Fakult{\"a}t Elektrotechnik",
 title = "{Vorlesung Physik: Mitschrift von Nico Herkner}"
}


